@misc{Perl,
  title   = {{The Perl Programming Language}},
  note    = {available at \url{https://www.perl.org/}}
}

@misc{Ruby,
  title   = {{Ruby Programming Language}},
  note    = {available at \url{https://www.ruby-lang.org/}}
}

@misc{Python,
  title   = {Python},
  note    = {available at \url{https://www.python.org/}}
}

@misc{PHP,
  title   = {{PHP: Hypertext Preprocessor}},
  note    = {available at \url{https://www.php.net/}}
}

@misc{NodeJS,
  title   = {Node.js},
  note    = {available at \url{https://nodejs.org/}}
}

@misc{Go,
  title   = {{The Go Programming Language}},
  note    = {available at \url{https://golang.org/}}
}

@misc{Ubuntu,
  title   =	{{Ubuntu: Enterprise Open Source and Linux}},
  note    =	{available at \url{https://ubuntu.com/}}
}

@misc{PHP7,
  title   = {{PHP} 7.0.0 Release Announcement},
  note    =	{available at \url{https://www.php.net/releases/7_0_0.php}}
}

@misc{Rails,
  title   = {{Ruby on Rails}},
  note    = {available at \url{https://rubyonrails.org/}}
}

@misc{Facebook,
  title   = {Facebook},
  note    =	{available at \url{https://www.facebook.com/}}
}

@misc{Wikipedia,
  title   = {Wikipedia},
  note    =	{available at \url{https://www.wikipedia.org/}}
}

@misc{Slack,
  title   = {Slack},
  note    =	{available at \url{https://slack.com/}}
}

@misc{Benchmark,
  title   = {The Computer Language Benchmarks Game},
  note    =	{available at \url{https://benchmarksgame-team.pages.debian.net/benchmarksgame/}}
}

@techreport{Web20,
  author      = {Tim O'Reilly},
  title       = {What Is {Web} 2.0},
  institution = {O'Reilly},
  year        = {2005},
  note        = {available at \url{https://www.oreilly.com/pub/a/web2/archive/what-is-web-20.html}}
}

@misc{C10K,
  author      = {Dan Kegel},
  title       = {The {C10K} problem},
  year        = {1999},
  note        = {available at \url{http://www.kegel.com/c10k.html}}
}

@inproceedings{Wendi:HICSS2000,
 author    = {Wendi Rabiner Heinzelman and Anantha Chandrakasan and Hari Balakrishnan},
 title     = {Energy-Efficient Communication Protocol for Wireless Microsensor Networks},
 booktitle = {Proceedings of the 33rd Hawaii International Conference on System Sciences},
 pages     = {3005--3014},
 year      = 2000,
 month     = jan
}

@Article{Yogen:ACMComm,
 author    = {Yogen Dalal and Robert Metcalfe},
 title     = {Reverse Path Forwarding of Broadcast Packets},
 journal   = {Communications of the ACM},
 volume    = {21},
 no        = {2},
 pages     = {1040--1048},
 year      = 1978,
 month     = dec
}
